
@misc{fisicalabErrores,
  author = {Fisicalab},
  title = {Errores absolutos y relativos},
  year = {2025},
  howpublished = {\url{https://www.fisicalab.com/apartado/errores-absoluto-relativos}},
  note = {Accedido: 3-may-2025}
}

@misc{economipediaTaylor,
  author = {Economipedia},
  title = {Serie de Taylor},
  year = {2025},
  howpublished = {\url{https://economipedia.com/definiciones/serie-de-taylor.html}},
  note = {Accedido: 3-may-2025}
}

@misc{uaRedondeo,
  author = {Universidad de Alicante},
  title = {Errores de redondeo y aritmética de precisión finita},
  year = {2025},
  howpublished = {\url{https://rua.ua.es/dspace/bitstream/10045/16373/1/Microsoft%20Word%20-%201.REDONDEO%20Y%20PRECISION.pdf}},
  note = {Accedido: 3-may-2025}
}
