@book{burden2015numerico,
  author    = {Richard L. Burden and J. Douglas Faires},
  title     = {Análisis numérico},
  year      = {2015},
  edition   = {9},
  publisher = {Cengage Learning},
  address   = {México},
  language  = {Spanish}
}

@book{chapra2010canale,
  author    = {Steven C. Chapra and Raymond P. Canale},
  title     = {Métodos numéricos para ingenieros},
  year      = {2010},
  edition   = {6},
  publisher = {McGraw-Hill},
  address   = {México},
  language  = {Spanish}
}

@online{upv2023taylor,
  author  = {Universitat Politècnica de València},
  title   = {Serie de Taylor y su aplicación numérica},
  year    = {2023},
  url     = {https://www.upv.es/contenidos/MATEMA/info/series-taylor},
  note    = {Consultado en mayo de 2025}
}
