@book{burden,
  author    = {R. L. Burden and J. D. Faires},
  title     = {Análisis numérico},
  edition   = {9},
  publisher = {Cengage Learning},
  year      = {2011}
}

@book{chapra,
  author    = {S. C. Chapra and R. P. Canale},
  title     = {Métodos numéricos para ingenieros},
  edition   = {7},
  publisher = {McGraw-Hill},
  year      = {2015}
}

@book{mathews,
  author    = {J. H. Mathews and K. D. Fink},
  title     = {Métodos numéricos con Matlab},
  edition   = {4},
  publisher = {Prentice Hall},
  year      = {2006}
}

@misc{fisicalabErrores,
  author = {Fisicalab},
  title = {Errores absolutos y relativos},
  year = {2025},
  howpublished = {\url{https://www.fisicalab.com/apartado/errores-absoluto-relativos}},
  note = {Accedido: 3-may-2025}
}

