@article{vargas2013exploiting,
author = {Vargas, S. and Castells, P.},
year = {2013},
month = {01},
pages = {129-136},
title = {Exploiting the diversity of user preferences for recommendation},
volume = {13},
journal = {OAIR}
}